%! Author = nlehmann
%! Date = 19.09.23

